<?xml version="1.0" encoding="UTF-8"?><collection xmlns="http://www.loc.gov/MARC21/slim"><record><leader>00449nam--2200121-i-4500</leader><controlfield tag="001">000016336</controlfield><controlfield tag="002">20161230</controlfield><controlfield tag="005">20161230201031</controlfield><controlfield tag="008">060222s1000------------r-----000-0-eng-d</controlfield><datafield ind1=" " ind2=" " tag="100"><subfield code="a">Esteva,Jean-marc</subfield></datafield><datafield ind1=" " ind2=" " tag="245"><subfield code="a">Etude des spectres d absorption atomique entre 2000 et 50 a d elements legers(be,b,n,kg,al, si)dans un plasma d etincelle sous vide niveau x a forte probabilite d autoionisation.these</subfield></datafield><datafield ind1=" " ind2=" " tag="260"><subfield code="a">Paris,Universite,1974. 148 P</subfield></datafield><datafield ind1=" " ind2=" " tag="852"><subfield code="a">78068</subfield></datafield></record></collection>